@inproceedings{ bleu,
  author = "K. Papineni and S. Roukos and T. Ward and W. Zhu",
  title = "Bleu: a method for automatic evaluation of machine translation",
  text = "Papineni, K.A., Roukos, S., Ward, T., Zhu, W.J.: Bleu: a method for automatic
    evaluation of machine translation. Technical Report RC22176 (W0109-022),
    IBM Research Division, Thomas J. Watson Research Center (2001)",
  pages = "311-318",
  booktitle = "Proceedings of the 40th Annual Meeting of the Association for
    Computational Linguistics (ACL)",
  organization = "Association for Computational Linguistics (ACL)",
  month = "July",
  year = "2002",
  url = "http://acl.ldc.upenn.edu/P/P02/P02-1040.pdf"
}
@inproceedings{ och-linemin,
  author = "Franz Josef Och",
  title = "Minimum Error Rate Training in Statistical Machine Translation",
  booktitle = "Proceedings of the 41st Annual Meeting of the Association for
    Computational Linguistics",
  organization = "Association for Computational Linguistics (ACL)",
  month = "July",
  year= "2003",
  url = "http://acl.ldc.upenn.edu/acl2003/main/pdfs/Och.pdf"
}
@book{ NR-C++,
    AUTHOR = {Press, William H. and Teukolsky, Saul A. and Vetterling,
              William T. and Flannery, Brian P.},
     TITLE = {Numerical recipes in {C}{\bf++}},
      NOTE = {The art of scientific computing,
              Second edition, updated for C++},
 PUBLISHER = {Cambridge University Press},
   ADDRESS = {Cambridge},
      YEAR = {2002},
     PAGES = {xxviii+1002},
      ISBN = {0-521-75033-4},
   MRCLASS = {65-04},
  MRNUMBER = {MR1880993 (2003a:65005)},
}
@book{ NR-C,
    AUTHOR = {Press, William H. and Teukolsky, Saul A. and Vetterling,
              William T. and Flannery, Brian P.},
     TITLE = {Numerical recipes in {C}},
   EDITION = {Second},
      NOTE = {The art of scientific computing},
 PUBLISHER = {Cambridge University Press},
   ADDRESS = {Cambridge},
      YEAR = {1992},
     PAGES = {xxvi+994},
      ISBN = {0-521-43108-5},
   MRCLASS = {65-00 (62-04 65-04)},
  MRNUMBER = {MR1201159 (93i:65001b)},
}

@misc{ uBLAS,
   author = "Joerg Walter and Mathias Koch",
   title = "{uBLAS}: {B}asic {L}inear {A}lgebra",
   note = "boost C++ Libraries, \url{http://www.boost.org/libs/numeric/ublas/doc/index.htm}",
}
