@manual{ koehn03,
    author = "Philip Koehn",
    title = "Pharaoh: A Beam Search Decoder for Phrase-Based Statistical Machine
	Translation",
    organization = "USC Information Sciences Institute",
    month=dec,
    year="2003"
}
@inproceedings{ mohri02,
    author = "Mehryar Mohri and Michael Riley",
    title = "An Efficient Algorithm for the N-Best-Strings Problem",
    booktitle = "Proceedings of the International Conference on Spoken Language
                 Processing 2002 (ICSLP '02)",
    month = sep,
    year = 2002,
    address = "Denver, Colorado",
}
